<record><leader>00000cas a22000007a 4500</leader><controlfield tag="001">27342044</controlfield><controlfield tag="008">930128d18811884cauwr ne      0    0eng d</controlfield><datafield ind1=" " ind2=" " tag="010"><subfield code="a">sn 92068471 </subfield></datafield><datafield ind1=" " ind2=" " tag="040"><subfield code="a">CUY</subfield><subfield code="b">eng</subfield><subfield code="c">CNK</subfield><subfield code="d">MGN</subfield><subfield code="d">OCLCQ</subfield></datafield><datafield ind1=" " ind2=" " tag="042"><subfield code="a">msc</subfield></datafield><datafield ind1="0" ind2="4" tag="245"><subfield code="a">The Hollister Democrat.</subfield></datafield><datafield ind1=" " ind2=" " tag="260"><subfield code="a">Hollister, San Benito County, Calif. :</subfield><subfield code="b">W.G. Jones</subfield></datafield><datafield ind1=" " ind2=" " tag="300"><subfield code="a">v.</subfield></datafield><datafield ind1=" " ind2=" " tag="310"><subfield code="a">Weekly</subfield></datafield><datafield ind1="1" ind2=" " tag="362"><subfield code="a">Ceased in 1884?</subfield></datafield><datafield ind1="0" ind2=" " tag="362"><subfield code="a">New ser., vol. 1, no. 1 (Dec. 2, 1881)-</subfield></datafield><datafield ind1=" " ind2="4" tag="651"><subfield code="a">San Benito County (Calif.)</subfield><subfield code="v">Newspapers.</subfield></datafield><datafield ind1=" " ind2=" " tag="752"><subfield code="a">United States</subfield><subfield code="b">California</subfield><subfield code="c">San Benito</subfield><subfield code="d">Hollister.</subfield></datafield><datafield ind1="0" ind2="0" tag="780"><subfield code="t">Pacific Coast (Hollister, Calif. : 1881)</subfield><subfield code="w">(DLC)sn 92068470</subfield></datafield><datafield ind1="0" ind2="0" tag="785"><subfield code="t">Hollister free lance</subfield><subfield code="w">(DLC)sn 93058780</subfield></datafield><datafield ind1="1" ind2=" " tag="029"><subfield code="a">AU@</subfield><subfield code="b">000020721894</subfield></datafield></record>